%%
%% Artikel:
%%
@article{iefx,
	author = "Zheng Hao, Huang Hua, Zhu Limiao",
	title = "A Web Design Mode for Browsers to \uppercase{CSS} Compatibility Issues",
	journal = "Multimedia Information Networking and Security (MINES), 2012 Fourth International Conference on",
	year = "2012",
	pages = {160 - 163}
}

@article{xml,
	author="Korpela, J.",
	title="Lurching toward Babel: HTML, CSS and XML",
	journal="IEEE Computer",
	volume ="31 (Issue 7)",
	year = "1998",
	pages = {103-104,106}
}
@article{xhtml,
	author="Perlin, N.",
	title="The X Factor: From HTML to XHTML",
	journal="International Professional Communication Conference, 2006 IEEE",
	year="2006",
	pages = {190-192}
}

@article{death,
	author="Mikkonen, T.",
	title="Reports of the Web's Death Are Greatly Exaggerated",
	journal="IEEE Computer",
	year="2011",
	volume="44 (Issue 5)",
	pages = {30-36}
}


@article{html_prob,
	author = "Phillips, B.",
	title = "Designers: the browser war casualties",
	journal= "IEEE Computer",
	volume = "31 (Issue 10)",
	year = "1998",
	pages = {14 - 16, 21}
}





%%
%% URLs:
%%
%
%

@electronic{modern,
	title="Modernizr.js",
	url="http://modernizr.com"
}

@electronic{bootstrap,
	title= "Twitter Bootstrap",
	url="http://twitter.github.io/bootstrap"
}

@electronic{market,
	title= "jQuery Marketshare",
	url = "http://w3techs.com/technologies/details/js-jquery/all/all"
}

@electronic{jquery-plugins,
	title= "jQuery Plugins",
	url = "http://plugins.jquery.com"
}

@electronic{markdown,
	title= "Markdown markup language",
	url = "http://daringfireball.net/projects/markdown/syntax"
}

@electronic{MIT,
  author        = "",
  title         = "The \uppercase{MIT} License (\uppercase{MIT})",
  url           = "http://opensource.org/licenses/MIT",
  year          = ""
}

@electronic{boiler,
	title= "HTML5 Boilerplate",
	url = "http://html5boilerplate.com"
}

@electronic{chrome,
	title = "Google chrome frame",
	url = "http://www.google.com/chromeframe"
}

@electronic{index,
  author = "",
  title = "HTML5 Boilerplate index.html",
  url = "https://github.com/h5bp/html5-boilerplate/blob/master/index.html",
  year = "2013"
}
@electronic{media,
	title="W3C Recommendation CSS Media Queries",
	url="http://www.w3.org/TR/css3-mediaqueries"
}

@electronic{standarts,
	title="W3C Completed Standard/Stas",
	url="http://www.w3.org/standards/techs/html"
}
@electronic{drafts,
	title="W3C Standart Drafts",
	url="http://www.w3.org/standards/techs/html#drafts"
}

@electronic{iebug,
  author= "",
  title= "Internet Explorer uses the wrong character set when it renders an HTML page",
  url = "http://support.microsoft.com/kb/928847"
}

%%
%% Books
%%

@book{buch,
  title={HTML5 Boilerplate Web Development},
  author={Manian, Divya},
  isbn={1849518505}, 
  year={2012},
  publisher={Packt Publishing}
}

@InProceedings{templates,
	author="David Gibson, Kunal Punera, Andrew Tomkins",
	title="The volume and evolution of web page templates",
	publisher="ACM",
	series="WWW '05 Special interest tracks and posters of the 14th international conference on World Wide Web",
	pages={830 - 839},
}


@InProceedings{makingStlSafe,
author = {Douglas Gregor and Sibylle Schupp},
title = {Making the Usage of {STL} Safe},
editor = {Jeremy Gibbons and Johan Jeuring},
booktitle = {Generic Programming, IFIP TC2/WG2.1 Working Conference on Generic Programming},
publisher = {Kluwer},
series = {IFIP Conference Proceedings},
volume = 243,
year = 2002,
month = {July},
pages = {127--140} }

